

@Article{baturo:08,
  author = 	 {Baturo, Alexander and Dasandi, Niheer and Mikhaylov, Slava},
  title = 	 {Understanding state preferences with text as data: Introducing the UN General Debate corpus},
  journal = 	 {Research and Politics},
  year = 	 {2017},
  Optkey = 	 {},
  volume = 	 {4},
  number = 	 {2},
  pages = 	 {1--9},
  OPTdoi = {},
  OPTURL = {},
  OPTeprint = {},
  OPTmonth = 	 {},
  OPTnote = 	 {},
  OPTannote = 	 {}
}

@Article{jennings:08,
  author = 	 {Jennings, Will and Bevan, Shan and John, Peter},
  title = 	 {The Agenda of British Government: The Speech from the Throne, 1911-2008.},
  journal = 	 {Political Studies},
  year = 	 {2011},
  Optkey = 	 {},
  volume = 	 {59},
  number = 	 {1},
  pages = 	 {74--98},
  OPTdoi = {},
  OPTURL = {},
  OPTeprint = {},
  OPTmonth = 	 {},
  OPTnote = 	 {},
  OPTannote = 	 {}
}